@article{aadl,
    title   = {Architecture Analysis \& Design Language (AADL)},
    author  = {Aerospace, SAE and AS5506, SAE},
    year    = {2004},

    journal = {AS-5506, SAE International}
}

@article{uppaal,
  author    = {Larsen, Kim G. and Pettersson, Paul and Wang, Yi},
  title     = {{\sc Uppaal} in a Nutshell},
  year      = {1997},

  journal   = {International Journal on Software Tools for Technology Transfer},
  publisher = {Springer--Verlag},
  volume    = 1,
  number    = {1--2},
  pages     = {134-152}
}

@article{sankur14,
	title = {Shrinking timed automata},
	author = {Sankur, Ocan and Bouyer, Patricia and Markey, Nicolas},
	year = {2014},

	journal = {Information and Computation},
	volume = {234},
	pages = {107--132}
}

@article{jovanovic14,
	title = {Integer Parameter Synthesis of Real-Time Systems},
	author = {Jovanović, Aleksandra and Lime, Didier and Roux, Olivier H.},
  year = {2014}
}

@article{bechennec12,
	title = {Livrable 2.2 -- Spécification du démonstrateur},
	author = {Béchennec, Jean-Luc and Faucou, Sébastien and Urunuela, Richard},
  year = {2012}
}


@article{berthomieu91,
	title = {Modeling and Verification of Time Dependent Systems Using Time Petri Nets},
	author = {Berthomieu, B. and Diaz, M.},
	year = {1991},
	
	journal = {{IEEE} Transactions on Software Engineering},
	volume = {17},
	number = {3},
	pages = {259--273}
}

@incollection{dill90,
	title = {Timing assumptions and verification of finite-state concurrent systems},
	author = {Dill, David L.},
	year = {1990},
	
	booktitle = {Automatic Verification Methods for Finite State Systems},
	series = {Lecture Notes in Computer Science},
	publisher = {Springer Berlin Heidelberg},
	editor = {Sifakis, Joseph},
	number = {407},
	pages = {197--212}
}

@article{alur94,
	title = {A Theory of Timed Automata},
	author = {Alur, Rajeev and Dill, David L.},
	year = {1994},

	journal = {Theoretical Computer Science},
	volume = {126},
	number = {2},
	pages = {183--235}
}

@incollection{sankur13,
	title = {Shrinktech: A Tool for the Robustness Analysis of Timed Automata},
	author = {Sankur, Ocan},
	year = {2013},

	booktitle = {Computer Aided Verification},
	series = {Lecture Notes in Computer Science},
	publisher = {Springer Berlin Heidelberg},
	editor = {Sharygina, Natasha and Veith, Helmut},
	number = {8044},
	pages = {1006--1012}
}

@article{henzinger94,
	title = {Symbolic Model Checking for Real-Time Systems},
	author = {Henzinger, T. A. and Nicollin, X. and Sifakis, J. and Yovine, S.},
	year = {1994},

	journal = {Information and Computation},
	volume = {111},
	number = {2},
	pages = {193--244}
}

@incollection{daws98,
	title = {Model checking of real-time reachability properties using abstractions},
	author = {Daws, Conrado and Tripakis, Stavros},
	year = {1998},

	booktitle = {Tools and Algorithms for the Construction and Analysis of Systems},
	series = {Lecture Notes in Computer Science},
	publisher = {Springer Berlin Heidelberg},
	editor = {Steffen, Bernhard},
	number = {1384},
	pages = {313--329}
}

@phdthesis{merlin74,
	title = {A Study of the Recoverability of Computing Systems.},
	school = {University of California, Irvine},
	author = {Merlin, Philip Meir},
	year = {1974}
}

@techreport{ramchandani74,
	address = {Cambridge, {MA}, {USA}},
	title = {Analysis of Asynchronous Concurrent Systems by Timed Petri nets},
	institution = {Massachusetts Institute of Technology},
	author = {Ramchandani, Chander},
	year = {1974}
}

@incollection{dewulf04,
	title = {Almost {ASAP} Semantics: From Timed Models to Timed Implementations},
	author = {Wulf, Martin De and Doyen, Laurent and Raskin, Jean-François},
	year = {2004},

	booktitle = {Hybrid Systems: Computation and Control},
	series = {Lecture Notes in Computer Science},
	publisher = {Springer Berlin Heidelberg},
	editor = {Alur, Rajeev and Pappas, George J.},
	number = {2993},
	pages = {296--310}
}

@incollection{gardey05,
	title = {Romeo: A Tool for Analyzing Time Petri Nets},
	author = {Gardey, Guillaume and Lime, Didier and Magnin, Morgan and Roux, Olivier H.},
	year = {2005},

	booktitle = {Computer Aided Verification},
	series = {Lecture Notes in Computer Science},
	publisher = {Springer Berlin Heidelberg},
	editor = {Etessami, Kousha and Rajamani, Sriram K.},
	number = {3576},
	pages = {418--423}
}

@techreport{lime12,
	title = {Clock Transition Systems},
	author = {Lime, Didier and Roux, Olivier Henri and Jard, Claude},
	year = {2012}
}

@article{yovine97,
	title = {{KRONOS:} a verification tool for real-time systems},
	author = {Yovine, Sergio},
	year = {1997},

	journal = {International Journal on Software Tools for Technology Transfer},
	volume = {1},
	number = {1-2},
	pages = {123--133}
}

@book{bengtsson02,
	title = {Clocks, {DBMs} and States in Timed Systems},
	author = {Bengtsson, Johan},
	year = {2002},

	publisher = {Acta Universitatis Upsaliensis}
}
