@incollection{lime09,
  title     = {Romeo: A parametric model-checker for petri nets with stopwatches},
  author    = {Lime, Didier and Roux, Olivier H and Seidner, Charlotte and Traonouez, Louis-Marie},
  booktitle = {Tools and Algorithms for the Construction and Analysis of Systems},
  pages     = {54--57},
  year      = {2009},
  publisher = {Springer}
}

@article{alur94,
	title = {A Theory of Timed Automata},
	author = {Alur, Rajeev and Dill, David L.},
	year = {1994},

	journal = {Theoretical Computer Science},
	volume = {126},
	number = {2},
	pages = {183--235}
}

@book{bechennec06,
	title = {Trampoline An {OpenSource} Implementation of the {OSEK}/{VDX} {RTOS} Specification},
	author = {Béchennec, Jean-luc and Briday, Mikaël and Faucou, Sébastien and Trinquet, Yvon},
	year = {2006}
}

@article{bechennec12,
	title = {Livrable 2.2 -- Spécification du démonstrateur},
	author = {Béchennec, Jean-Luc and Faucou, Sébastien and Urunuela, Richard},
  year = {2012}
}

@techreport{lime12,
	title = {Clock Transition Systems},
	author = {Lime, Didier and Roux, Olivier Henri and Jard, Claude},
	year = {2012}
}

@article{aadl,
    title   = {Architecture Analysis \& Design Language (AADL)},
    author  = {Aerospace, SAE and AS5506, SAE},
    year    = {2004},

    journal = {AS-5506, SAE International}
}

@incollection{gardey05,
	title = {Romeo: A Tool for Analyzing Time Petri Nets},
	author = {Gardey, Guillaume and Lime, Didier and Magnin, Morgan and Roux, Olivier H.},
	year = {2005},

	booktitle = {Computer Aided Verification},
	series = {Lecture Notes in Computer Science},
	publisher = {Springer Berlin Heidelberg},
	editor = {Etessami, Kousha and Rajamani, Sriram K.},
	number = {3576},
	pages = {418--423}
}

@article{jovanovic14,
  title = {{Integer Parameter Synthesis for Timed Systems}},
  author = {Jovanovi\'c, Aleksandra and Lime, Didier and  Roux, Olivier H.},
  year = {2014},
  journal = {IEEE Transactions on Software Engineering (TSE)},
  publisher = {IEEE},
  note = {To appear.}
}

@article{larsen97,
	title = {Uppaal in a nutshell},
	author = {Larsen, Kim G. and Pettersson, Paul and Yi, Wang},
	year = {1997},

	volume = {1},
	number = {1-2},
	journal = {International Journal on Software Tools for Technology Transfer},
	pages = {134--152},
}

@incollection{sankur13,
	title = {Shrinktech: A Tool for the Robustness Analysis of Timed Automata},
	author = {Sankur, Ocan},
	year = {2013},

	booktitle = {Computer Aided Verification},
	series = {Lecture Notes in Computer Science},
	publisher = {Springer Berlin Heidelberg},
	editor = {Sharygina, Natasha and Veith, Helmut},
	number = {8044},
	pages = {1006--1012}
}

@article{sankur14,
	title = {Shrinking timed automata},
	author = {Sankur, Ocan and Bouyer, Patricia and Markey, Nicolas},
	year = {2014},

	journal = {Information and Computation},
	volume = {234},
	pages = {107--132}
}

